<record><leader>00000cas a2200000 a 4500</leader><controlfield tag="001">7909889</controlfield><controlfield tag="008">811105d18631867mduwr ne      0   a0eng d</controlfield><datafield ind1=" " ind2=" " tag="010"><subfield code="a">sn 89060120 </subfield></datafield><datafield ind1=" " ind2=" " tag="040"><subfield code="a">MDS</subfield><subfield code="b">eng</subfield><subfield code="c">MDS</subfield><subfield code="d">NSD</subfield><subfield code="d">MFN</subfield><subfield code="d">OCL</subfield><subfield code="d">UMC</subfield><subfield code="d">OCLCF</subfield></datafield><datafield ind1=" " ind2=" " tag="042"><subfield code="a">msc</subfield></datafield><datafield ind1=" " ind2=" " tag="043"><subfield code="a">n-us-md</subfield></datafield><datafield ind1=" " ind2="4" tag="050"><subfield code="a">AN41.76</subfield><subfield code="b">.B4</subfield></datafield><datafield ind1="0" ind2=" " tag="130"><subfield code="a">St. Mary's gazette (Leonardtown, Md.)</subfield></datafield><datafield ind1="0" ind2="0" tag="245"><subfield code="a">St. Mary's gazette.</subfield></datafield><datafield ind1="0" ind2="0" tag="246"><subfield code="a">Saint Mary's gazette</subfield></datafield><datafield ind1=" " ind2=" " tag="260"><subfield code="a">Leonard Town, Md. :</subfield><subfield code="b">Walter Thompson,</subfield></datafield><datafield ind1=" " ind2=" " tag="300"><subfield code="a">v.</subfield></datafield><datafield ind1=" " ind2=" " tag="310"><subfield code="a">Weekly</subfield></datafield><datafield ind1="0" ind2=" " tag="362"><subfield code="a">Vol. 1, no. 1 (Oct. 1, 1863)-v. 4, no. 45 (Aug. 29, 1867).</subfield></datafield><datafield ind1=" " ind2="0" tag="651"><subfield code="a">Saint Mary's County (Md.)</subfield><subfield code="v">Newspapers.</subfield></datafield><datafield ind1=" " ind2="7" tag="655"><subfield code="a">Newspapers.</subfield><subfield code="2">fast</subfield><subfield code="0">(OCoLC)fst01423814</subfield></datafield><datafield ind1=" " ind2="7" tag="651"><subfield code="a">Maryland</subfield><subfield code="z">Saint Mary's County.</subfield><subfield code="2">fast</subfield><subfield code="0">(OCoLC)fst01237874</subfield></datafield><datafield ind1=" " ind2=" " tag="752"><subfield code="a">United States</subfield><subfield code="b">Maryland</subfield><subfield code="c">Saint Mary's</subfield><subfield code="d">Leonardtown.</subfield></datafield><datafield ind1="0" ind2="0" tag="780"><subfield code="t">St. Mary's beacon (Leonardtown, Md. : 1852)</subfield><subfield code="w">(DLC)sn 89060119</subfield><subfield code="w">(OCoLC)7909864</subfield></datafield><datafield ind1="0" ind2="0" tag="785"><subfield code="t">Saint Mary's beacon (Leonardtown, Md. : 1867)</subfield><subfield code="x">0745-0680</subfield><subfield code="w">(DLC)sn 82006687</subfield><subfield code="w">(OCoLC)7909902</subfield></datafield></record>